<record><leader>00000cas a22000007a 4500</leader><controlfield tag="001">25145051</controlfield><controlfield tag="008">920122d189u1906ctuwr ne      0    0eng d</controlfield><datafield ind1=" " ind2=" " tag="010"><subfield code="a">sn 92051111 </subfield></datafield><datafield ind1=" " ind2=" " tag="040"><subfield code="a">CNW</subfield><subfield code="b">eng</subfield><subfield code="c">CNW</subfield><subfield code="d">OCLCQ</subfield></datafield><datafield ind1=" " ind2=" " tag="042"><subfield code="a">msc</subfield></datafield><datafield ind1="0" ind2=" " tag="130"><subfield code="a">Branford opinion (Branford, Conn. : 1896)</subfield></datafield><datafield ind1="1" ind2="4" tag="245"><subfield code="a">The Branford opinion.</subfield></datafield><datafield ind1=" " ind2=" " tag="260"><subfield code="a">Branford, Conn. :</subfield><subfield code="b">Fred[e]ric A. Finch</subfield></datafield><datafield ind1=" " ind2=" " tag="300"><subfield code="a">v.</subfield></datafield><datafield ind1=" " ind2=" " tag="310"><subfield code="a">Weekly</subfield></datafield><datafield ind1="0" ind2=" " tag="362"><subfield code="a">-v. 16, no. 50 (June 29, 1906).</subfield></datafield><datafield ind1=" " ind2=" " tag="530"><subfield code="a">Available on microfilm from UMI.</subfield></datafield><datafield ind1=" " ind2=" " tag="588"><subfield code="a">Description based on: Vol. 6, no. 14 (Jan. 4, 1896).</subfield></datafield><datafield ind1=" " ind2="4" tag="651"><subfield code="a">Branford (Conn.)</subfield><subfield code="v">Newspapers.</subfield></datafield><datafield ind1=" " ind2=" " tag="752"><subfield code="a">United States</subfield><subfield code="b">Connecticut</subfield><subfield code="c">New Haven</subfield><subfield code="d">Branford.</subfield></datafield><datafield ind1="0" ind2="7" tag="785"><subfield code="t">Guilford echo</subfield><subfield code="w">(DLC)sn 92051110</subfield><subfield code="w">(OCoLC)25145147</subfield></datafield><datafield ind1="0" ind2="7" tag="785"><subfield code="t">Branford opinion and Guilford echo</subfield><subfield code="w">(DLC)sn 92051112</subfield><subfield code="w">(OCoLC)25145000</subfield></datafield><datafield ind1="1" ind2=" " tag="029"><subfield code="a">AU@</subfield><subfield code="b">000025898364</subfield></datafield></record>